%%%%%%%%%%%%%%%%%%%%%%%%%%%%%%%%%%%%%%%%%%%%%%%%%%%%%%%%%%%%%%%%%%%%%%%%
% DESIGN PATTERNS / FRAMEWORKS
%%%%%%%%%%%%%%%%%%%%%%%%%%%%%%%%%%%%%%%%%%%%%%%%%%%%%%%%%%%%%%%%%%%%%%%%


@BOOK{gamma-book,
 author    = {Erich Gamma and Richard Helm and Ralph Johnson and John Vlissides},
 title     = {Design Patterns: Elements of Reusable Object-Oriented Software},
 publisher = {Addison-Wesley},
 year      = {1995}
}

@book{Czarnecki:2000:GPM:345203,
 author = {Czarnecki, Krzysztof and Eisenecker, Ulrich W.},
 title = {Generative programming: methods, tools, and applications},
 year = {2000},
 publisher = {ACM Press/Addison-Wesley}
}

%%%%%%%%%%%%%%%%%%%%%%%%%%%%%%%%%%%%%%%%%%%%%%%%%%%%%%%%%%%%%%%%%%%%%%%%
% ASPECT-ORIENTED PROGRAMMING
%%%%%%%%%%%%%%%%%%%%%%%%%%%%%%%%%%%%%%%%%%%%%%%%%%%%%%%%%%%%%%%%%%%%%%%%

@INPROCEEDINGS{kiczales-aspectoriented-ecoop97,
 author    = {Gregor Kiczales and John Lamping and Anurag Mendhekar and Chris Maeda and Cristina Lopes and Jean-Marc Loingtier and John Irwin},
 title     = {Aspect--{O}riented {P}rogramming},
 booktitle = {Proceedings of European Conference on Object--Oriented Programming},
 pages     = {220--242},
 year      = {1997}
}

@INPROCEEDINGS{avgustinov-abc-aosd05,
 author    = {Pavel Avgustinov and Aske Simon Christensen and Laurie Hendren and Sascha Kuzins and
              Jennifer Lhot\'{a}k and Ondrej Lhot\'{a}k and Oege de Moor and
              Damien Sereni and Ganesh Sittampalam and Julian Tibble},
 title     = {ABC: An Extensible {A}spect{J} compiler},
 booktitle = {Proceedings of the 4th International Conference on Aspect-Oriented Software Development},
 year      = {2005},
 pages     = {87--98}
}

@ARTICLE{kiczales-aspectj-cacm01,
 author  = {Gregor Kiczales and Erik Hilsdale and Jim Hugunin and Mik Kersten and Jeffrey Palm and William G. Griswold},
 title   = {Getting {S}tarted with {A}spect{J}},
 journal = {Communications of the ACM},
 volume  = {44},
 number  = {10},
 pages   = {59--65},
 year    = {2001}
}

%%%%%%%%%%%%%%%%%%%%%%%%%%%%%%%%%%%%%%%%%%%%%%%%%%%%%%%%%%%%%%%%%%%%%%%%
% ASPECT-ORIENTED REFACTORING
%%%%%%%%%%%%%%%%%%%%%%%%%%%%%%%%%%%%%%%%%%%%%%%%%%%%%%%%%%%%%%%%%%%%%%%%


@ARTICLE{soaresSafeRefactor,
author={Soares, G. and Gheyi, R. and Serey, D. and Massoni, T.},
journal={Software, IEEE},
title={Making Program Refactoring Safer},
year={2010},
volume={27},
number={4},
pages={52--57}
}

%%%%%%%%%%%%%%%%%%%%%%%%%%%%%%%%%%%%%%%%%%%%%%%%%%%%%%%%%%%%%%%%%%%%%%%%
% SOFTWARE PRODUCT LINES
%%%%%%%%%%%%%%%%%%%%%%%%%%%%%%%%%%%%%%%%%%%%%%%%%%%%%%%%%%%%%%%%%%%%%%%%

@BOOK{clements-book,
 author    = {Paul Clements and Linda Northrop},
 title     = {Software {P}roduct {L}ines: {P}ractices and {P}atterns},
 publisher = {Addison-Wesley},
 year      = {2002}
}

@BOOK{pohl-book,
 author    = {Klaus Pohl and Gunter Bockle and Frank J. van der Linden},
 title     = {Software {P}roduct {L}ine {E}ngineering},
 publisher = {Springer},
 year      = {2005}
}

%%%%%%%%%%%%%%%%%%%%%%%%%%%%%%%%%%%%%%%%%%%%%%%%%%%%%%%%%%%%%%%%%%%%%%%%
% SOFTWARE PRODUCT LINES / VARIABILITIES / REFACTORING
%%%%%%%%%%%%%%%%%%%%%%%%%%%%%%%%%%%%%%%%%%%%%%%%%%%%%%%%%%%%%%%%%%%%%%%%

@INPROCEEDINGS{anastasopoulos-variabilities-ssr01,
 author    = {Michalis Anastasopoulos and Cristina Gacek},
 title     = {Implementing {P}roduct {L}ine {V}ariabilities},
 booktitle = {Proceedings of the 2001 Symposium on Software Reusability},
 year      = {2001},
 pages     = {109--117}
}

@TECHREPORT{kang-foda,
  title       = {Feature-{O}riented {D}omain {A}nalysis ({FODA}). {F}easibility {S}tudy},
  author      = {Kyo-Chul Kang and Sholom G. Cohen and James A. Hess and William E. Novak and A. Spencer Peterson},
  institution = {Software Engineering Institute},
  year        = {1990}
}

@INPROCEEDINGS{christian-berkley-db-splc07,
 author    = {K\"astner, Christian and Apel, Sven and Batory, Don},
 title     = {A Case Study Implementing Features Using AspectJ},
 booktitle = {Proceedings of the 11th International Software Product Line Conference},
 year      = {2007},
 pages     = {223--232}
}

@ARTICLE{mira-overview-caesarj-taosd06,
 author = {Ivica Aracic and Vaidas Gasiunas and Mira Mezini and Klaus Ostermann},
 title = {An Overview of CaesarJ},
 journal = {Lecture Notes in Computer Science: Transactions on Aspect-Oriented Software Development I},
 pages = {135--173},
 volume = {3880},
 year = {2006}
}

@INPROCEEDINGS{andrade-csmr11,
author = {Rodrigo Andrade and Marcio Ribeiro and Vaidas Gasiunas and Lucas Satabin and Henrique Rebelo and Paulo Borba},
title = {Assessing Idioms for Implementing Features with Flexible Binding Times},
booktitle = {Proceedings of the 15th European Conference on Software Maintenance and Reengineering},
year = {2011},
pages = {231-240}
}

@inproceedings{dinkelaker10,
booktitle = {Proceedings of the 1st Workshop on Composition and Variability},
title = {A Dynamic Software Product Line Approach Using Aspect Models at Runtime},
author = {Tom Dinkelaker and Ralf Mitschke and Karin Fetzer and Mira Mezini},
year = {2010}
}

@inproceedings{Prehofer97,
  author    = {Christian Prehofer},
  title     = {Feature-Oriented Programming: A Fresh Look at Objects},
  booktitle = {In Proceedings of the 11th European Conference on Object-Oriented Programming},
  year      = {1997},
  pages     = {419-443}
}

@inproceedings{rosenmullergpce11,
 author = {Rosenm\"{u}ller, Marko and Siegmund, Norbert and Pukall, Mario and Apel, Sven},
 title = {Tailoring dynamic software product lines},
 booktitle = {Proceedings of the 10th ACM international conference on Generative programming and component engineering},
 year = {2011},
 pages = {3--12}
}

@inproceedings{LeeSPLC06,
 author = {Lee, Jaejoon and Kang, Kyo C.},
 title = {A Feature-Oriented Approach to Developing Dynamically Reconfigurable Products in Product Line Engineering},
 booktitle = {Proceedings of the 10th International on Software Product Line Conference},
 year = {2006},
 pages = {131--140}
}

@inproceedings{TrinidadCPB07,
  author    = {Pablo Trinidad and Antonio Ruiz Cort{\'e}s and Joaqu\'{\i}n Pe{\~n}a and David Benavides},
  title     = {Mapping Feature Models onto Component Models to Build Dynamic Software Product Lines},
  booktitle = {SPLC (2)},
  year      = {2007},
  pages     = {51-56}
}

@inproceedings{gunther10,
 author = {G\"{u}nther, Sebastian and Sunkle, Sagar},
 title = {Dynamically adaptable software product lines using Ruby metaprogramming},
 booktitle = {Proceedings of the 2nd International Workshop on Feature-Oriented Software Development},
 year = {2010},
 pages = {80--87}
}

@inproceedings{Kastner:2009:optional,
 author = {K\"{a}stner, Christian and Apel, Sven and ur Rahman, Syed Saif and Rosenm\"{u}ller, Marko and Batory, Don and Saake, Gunter},
 title = {On the impact of the optional feature problem: analysis and case studies},
 booktitle = {Proceedings of the 13th International Software Product Line Conference},
 year = {2009},
 pages = {181--190}
} 

%%%%%%%%%%%%%%%%%%%%%%%%%%%%%%%%%%%%%%%%%%%%%%%%%%%%%%%%%%%%%%%%%%%%%%%%
% BINDING TIME
%%%%%%%%%%%%%%%%%%%%%%%%%%%%%%%%%%%%%%%%%%%%%%%%%%%%%%%%%%%%%%%%%%%%%%%%

@INPROCEEDINGS{edicts-aosd-2008,
  author    = {Venkat Chakravarthy and John Regehr and Eric Eide},
  title     = {Edicts: Implementing Features with Flexible Binding Times},
  booktitle = {Proceedings of the 7th International Conference on Aspect-Oriented Software Development},
  year      = {2008},
  pages     = {108--119}
}

@article{Rosenmuller:2011,
 author = {Rosenm\"{u}ller, Marko and Siegmund, Norbert and Apel, Sven and Saake, Gunter},
 title = {Flexible feature binding in software product lines},
 journal = {Automated Software Engineering}
 volume = {18},
 number = {2},
 year = {2011},
 pages = {163--197}
}

@INPROCEEDINGS{static-dynamic-apel-gpce-2008,
 author = {Marko Rosenm\"{u}ller and Norbert Siegmund and Gunter Saake and Sven Apel},
 title = {Code generation to support static and dynamic composition of software product lines},
 booktitle = {Proceedings of the 7th International Conference on Generative Programming and Component Engineering},
 year = {2008},
 pages = {3--12}
}

@INPROCEEDINGS{utrecht-timeline-svm03,
    author = {Eelco Utrecht and Gert Florijn and Eelco Dolstra},
    title = {Timeline Variability: The Variability of Binding Time of Variation Points},
    booktitle = {Proceedings of the Workshop on Software Variability Management},
    year = {2003},
    pages = {119--122}
}

@INPROCEEDINGS{building-product-populations-icse02,
 author = {van Ommering, Rob},
 title = {Building product populations with software components},
 booktitle = {Proceedings of the 24th International Conference on Software Engineering},
 year = {2002},
 pages = {255--265}
}

@inproceedings{Marot:2010:CAA:1739230.1739249,
 author = {Marot, Antoine and Wuyts, Roel},
 title = {Composing aspects with aspects},
 booktitle = {Proceedings of the 9th International Conference on Aspect-Oriented Software Development},
 year = {2010},
 pages = {157--168}
}

%%%%%%%%%%%%%%%%%%%%%%%%%%%%%%%%%%%%%%%%%%%%%%%%%%%%%%%%%%%%%%%%%%%%%%%%
% SOFTWARE REUSE
%%%%%%%%%%%%%%%%%%%%%%%%%%%%%%%%%%%%%%%%%%%%%%%%%%%%%%%%%%%%%%%%%%%%%%%%

@article{Basili:1996,
 author = {Basili, Victor R. and Briand, Lionel C. and Melo, Walc{\'e}lio L.},
 title = {How reuse influences productivity in object-oriented systems},
 journal = {Communications of the ACM},
 volume = {39},
 number = {10},
 year = {1996},
 pages = {104--116}
}

%%%%%%%%%%%%%%%%%%%%%%%%%%%%%%%%%%%%%%%%%%%%%%%%%%%%%%%%%%%%%%%%%%%%%%%%
% SOFTWARE MODULARITY
%%%%%%%%%%%%%%%%%%%%%%%%%%%%%%%%%%%%%%%%%%%%%%%%%%%%%%%%%%%%%%%%%%%%%%%%

@ARTICLE{parnas-criteria-cacm72,
 author    = {David L. Parnas},
 title     = {On the criteria to be used in decomposing systems into modules},
 journal   = {Communications of the ACM},
 volume    = {15},
 number    = {12},
 year      = {1972},
 pages     = {1053--1058}
}

@INPROCEEDINGS{apelgpce05,
    author = {Sven Apel and Thomas Leich and Marko Rosenmuller and Gunter Saake},
    title = {FeatureC++: On the Symbiosis of Feature-Oriented and Aspect-Oriented Programming},
    booktitle = {In Proceedings of the International Conference on Generative Programming and Component Engineering},
    year = {2005},
    pages = {125--140}
}

@ARTICLE{Lieberherr03aspectualcollaborations,
    author = {Karl Lieberherr and David H. Lorenz and Johan Ovlinger},
    title = {Aspectual Collaborations: Combining Modules And Aspects},
    journal = {The Computer Journal},
    year = {2003},
    volume = {46},
    pages = {2003}
}

@INPROCEEDINGS{lai99,
author = {A. Lai and G. C. Murphy},
title = {The structure of features in java code: an exploratory investigation},
booktitle = {Workshop on Multidimensional separation of concerns},
address = {Denver, Colorado},
month = {November},
year = {1999}
}

%%%%%%%%%%%%%%%%%%%%%%%%%%%%%%%%%%%%%%%%%%%%%%%%%%%%%%%%%%%%%%%%%%%%%%%%
% SOFTWARE MODULARITY / ASPECT-ORIENTED PROGRAMMING
%%%%%%%%%%%%%%%%%%%%%%%%%%%%%%%%%%%%%%%%%%%%%%%%%%%%%%%%%%%%%%%%%%%%%%%%

@inproceedings{clarke99,
 author = {Clarke, Siobh\'{a}n and Harrison, William H. and Ossher, Harold and Tarr, Peri L.},
 title = {Separating Concerns Throughout the Development Lifecycle},
 booktitle = {Proceedings of the Workshop on Object-Oriented Technology},
 year = {1999}
}

@InProceedings{Ribeiro-etal09,
  author =	{M\'{a}rcio Ribeiro and Rodrigo Cardoso and Paulo Borba and Rodrigo Bonif\'{a}cio and
  Henrique Reb\^{e}lo},
  title =	{Does AspectJ Provide Modularity when Implementing Features with Flexible Binding Times?},
  booktitle = {Third Latin American Workshop on Aspect-Oriented Software Development},
  pages =	{1--6},
  year = 	{2009}
}

@inproceedings{Murphy:2001,
 author = {Murphy, Gail C. and Lai, Albert and Walker, Robert J. and Robillard, Martin P.},
 title = {Separating features in source code: an exploratory study},
 booktitle = {Proceedings of the 23rd International Conference on Software Engineering},
 year = {2001},
 pages = {275--284}
}

@ARTICLE{chidamber-metrics-ieee94,
 author    = {S.R. Chidamber and C.F. Kemerer},
 title     = {A Metrics Suite for Object Oriented Design},
 journal   = {IEEE Transactions on Software Engineering},
 volume    = {20},
 number    = {6},
 year      = {1994},
 pages     = {476--493}
}

@inproceedings{SantAnna-BSSE-ReuseAndMaintenance,
    author = {Sant'anna, Claudio and Garcia, Alessandro and Chavez, Christina and Lucena, Carlos and von Staa, Arndt v.},
    booktitle = {Proceedings of the 17th Brazilian Symposium on Software Engineering},
    title = {On the Reuse and Maintenance of Aspect-Oriented Software: An Assessment Framework},
    year = {2003},
	pages = {19-34}
}

@ARTICLE{eaddy-do-crosscutting-concerns-tse08,
 author    = {Marc Eaddy and Thomas Zimmermann and Kaitlin D. Sherwood and Vibhav Garg and Gail C. Murphy and Nachiappan Nagappan and Alfred V. Aho},
 title     = {Do Crosscutting Concerns Cause Defects?},
 journal   = {IEEE Transactions on Software Engineering},
 volume    = {34},
 number    = {4},
 year      = {2008},
 pages     = {497--515}
}

@inproceedings{eaddy-idenfying-quantifying-acom07,
 author = {Eaddy, Marc and Aho, Alfred and Murphy, Gail C.},
 title = {Identifying, Assigning, and Quantifying Crosscutting Concerns},
 booktitle = {Proceedings of the First International Workshop on Assessment of Contemporary Modularization Techniques}
 year = {2007}
}

@inproceedings{bonifacio-modeling-scenario-aosd09,
 author = {Bonif\'{a}cio, Rodrigo and Borba, Paulo},
 title = {Modeling scenario variability as crosscutting mechanisms},
 booktitle = {Proceedings of the 8th ACM international conference on Aspect-oriented software development},
 year = {2009},
 pages = {125--136}
}

@PHDTHESIS{eaddy-phd-thesis,
  author  = {Marc Eaddy},
  title   = {An Empirical Assessment of the Crosscutting Concern Problem},
  school  = {Graduate School of Arts and Sciences},
  year    = {2008},
  address = {Columbia, USA}
}

@inproceedings{ceccato2004,
  author = {Ceccato, M. and Tonella, P.},
  booktitle = {1st Workshop on Aspect Reverse Engineering},
  title = {Measuring the Effects of Software Aspectization},
  year = {2004}
}

@article{chidamber94,
 author = {Chidamber, S. R. and Kemerer, C. F.},
 title = {A Metrics Suite for Object Oriented Design},
 journal = {IEEE Transactions on Software Engineering},
 volume = {20},
 issue = {6},
 year = {1994},
 pages = {476--493}
}

@phdthesis{apel-phd-thesis,
  author = {S. Apel},
  title = {The Role of Features and Aspects in Software Development},
  school = {School of Computer Science, University of Magdeburg},
  year = {2007}
}

@inproceedings{figueiredo05,
    address = {Glasgow},
    author = {Figueiredo, E. and Garcia, A. and Sant'anna, C. and Kulesza, U. and Lucena, C.},
    booktitle = {9th ECOOP Workshop on Quantitative Approaches in Object-Oriented Software Engineering},
    title = {Assessing Aspect-Oriented Artifacts: Towards a Tool-Supported Quantitative Method},
    year ={2005}
}

@article{basili96,
    author = {Basili, V. R. and Briand, L. C. and Melo, W. L.},
    journal = {IEEE Transactions on Software Engineering},
    number = {10},
    pages = {751--761},
    title = {A validation of object-oriented design metrics as quality indicators},
    volume = {22},
    year = {1996}
}

@incollection{gqm,
    author = {Basili, Victor and Caldiera, Gianluigi and Rombach, Dieter H.},
    booktitle = {Encyclopedia of Software Engineering},
    title = {The goal question metric approach},
    year = {1994},
    pages = {528--532}
}

@INPROCEEDINGS{School05aninvestigation,
    author = {Damith Rajapakse School and Damith C. Rajapakse},
    title = {An Investigation of Cloning in Web Applications},
    booktitle = {In Proceedings of the Special Interest Tracks and Posters of the 14th International Conference on World Wide Web},
    year = {2005},
    pages = {924--925}
}

@ARTICLE{Kapser06supportingthe,
    author = {Cory J. Kapser and Michael W. Godfrey},
    title = {Supporting the Analysis of Clones in Software Systems: A Case Study},
    journal = {Journal of Software Maintenance and Evolution: Research and Practice},
    year = {2006},
    volume = {18}
}

@article{Kapser:2008,
 author = {Kapser, Cory J. and Godfrey, Michael W.},
 title = {"Cloning considered harmful" considered harmful: patterns of cloning in software},
 journal = {Empirical Software Engineering},
 volume = {13},
 year = {2008},
 pages = {645--692}
} 

@article{Bruntink:2005:UCD:1100866.1100978,
 author = {Bruntink, Magiel and van Deursen, Arie and van Engelen, Remco and Tourwe, Tom},
 title = {On the Use of Clone Detection for Identifying Crosscutting Concern Code},
 journal = {IEEE Transactions on Software Engineering},
 volume = {31},
 issue = {10},
 year = {2005},
 pages = {804--818}
}

@INPROCEEDINGS{Al-Ekram05cloningby,
    author = {Raihan Al-Ekram and Cory Kapser and Richard Holt and Michael Godfrey},
    title = {Cloning by Accident: An Empirical Study of Source Code Cloning across Software Systems},
    booktitle = {Across Software Systems.International Symposium on Empirical Software Engineering},
    year = {2005},
    pages = {376--385}
}

@inproceedings{Deissenboeck:2008:CDA:1368088.1368172,
 author = {Deissenboeck, Florian and Hummel, Benjamin and J\"{u}rgens, Elmar and Sch\"{a}tz, Bernhard and Wagner, Stefan and Girard, Jean-Fran\c{c}ois and Teuchert, Stefan},
 title = {Clone detection in automotive model-based development},
 booktitle = {Proceedings of the 30th international conference on Software engineering},
 year = {2008},
 pages = {603--612}
}

@article{Kamiya:tse:00,
  author = {Kamiya, Toshihiro and Kusumoto, Shinji and Inoue, Katsuro},
  journal = {IEEE Transaction on Software Engineering},
  number = {7},
  pages = {654--670},
  publisher = {IEEE Computer Society Press},
  title = {CCFinder: A Multi-Linguistic Token-based Code Clone Detection System for Large Scale Source Code},
  volume = {28},
  year = 2002
}

@inproceedings{Ducasse:1999,
 author = {Ducasse, St{\'e}phane and Rieger, Matthias and Demeyer, Serge},
 title = {A Language Independent Approach for Detecting Duplicated Code},
 booktitle = {Proceedings of the IEEE International Conference on Software Maintenance},
 year = {1999},
 pages = {109--}
}

@inproceedings{Krinke:2001,
 author = {Krinke, Jens},
 title = {Identifying Similar Code with Program Dependence Graphs},
 booktitle = {Proceedings of the Eighth Working Conference on Reverse Engineering},
 year = {2001},
 pages = {301--}
}

@article{Wong00quantifyingthe,
    author = {W. Eric Wong and Swapna S. Gokhale and Joseph R. Horgan},
    title = {Quantifying the Closeness between Program Components and Features},
    journal = {Journal of Systems and Software},
    year = {2000},
    volume = {54}
}

@book{Soule:2010:ADD:1855095,
 author = {Soule, Paul},
 title = {Autonomics Development: A Domain-Specific Aspect Language Approach},
 year = {2010},
 publisher = {Springer-Verlag}
} 

%%%%%%%%%%%%%%%%%%%%%%%%%%%%%%%%%%%%%%%%%%%%%%%%%%%%%%%%%%%%%%%%%%%%%%%%
% SOFTWARE METRICS / DESIGN PATTERNS
%%%%%%%%%%%%%%%%%%%%%%%%%%%%%%%%%%%%%%%%%%%%%%%%%%%%%%%%%%%%%%%%%%%%%%%%



@INPROCEEDINGS{garcia-mod_dp_aspects-aosd05,
 author    = {Alessandro Garcia and Cl\'{a}udio Sant'Anna and Eduardo Figueiredo and Uir\'{a} Kulesza and Carlos Lucena and Arndt von Staa},
 title     = {Modularizing Design Patterns with Aspects: A Quantitative Study},
 booktitle = {Proceedings of the 4th International Conference on Aspect-Oriented Software Development},
 year      = {2005}
}

@INPROCEEDINGS{garcia-mod_dp_aspects-taosd06,
 author    = {Alessandro Garcia and Cl\'{a}udio Sant'Anna and Eduardo Figueiredo and Uir\'{a} Kulesza and Carlos Lucena and Arndt von Staa},
 title     = {Modularizing {D}esign {P}atterns with {A}spects: {A} {Q}uantitative {S}tudy},
 booktitle = {LNCS Transactions on Aspect-Oriented Software Development I},
 year      = {2006},
 pages     = {36--74}
}

%%%%%%%%%%%%%%%%%%%%%%%%%%%%%%%%%%%%%%%%%%%%%%%%%%%%%%%%%%%%%%%%%%%%%%%%
% CLONE CODE
%%%%%%%%%%%%%%%%%%%%%%%%%%%%%%%%%%%%%%%%%%%%%%%%%%%%%%%%%%%%%%%%%%%%%%%%
@INPROCEEDINGS{baxter-clone-detection-icsm-98,
  title={{Clone detection using abstract syntax trees}},
  author={Baxter, I.D. and Yahin, A. and Moura, L. and Sant'Anna, M. and Bier, L.},
  booktitle={Proceedings of the International Conference on Software Maintenance},
  pages={368--377},
  year={1998}
}

@INPROCEEDINGS{bruntink-clone-crosscutting-icsm04,
 author    = {Magiel Bruntink and Arie van Deursen and Tom Tourwe and Remco van Engelen},
 title     = {An Evaluation of Clone Detection Techniques for Identifying Crosscutting Concerns},
 booktitle = {Proceedings of the 20th IEEE International Conference on Software Maintenance (ICSM'04)},
 year      = {2004},
 pages     = {200--209}
}

@inproceedings{Gode:2009,
 author = {G\"{o}de, Nils and Koschke, Rainer},
 title = {Incremental Clone Detection},
 booktitle = {Proceedings of the 13th European Conference on Software Maintenance and Reengineering},
 year = {2009},
 pages = {219--228}
} 

@inproceedings{kapser2006cloning,
  title={Cloning considered harmful” considered harmful},
  author={Kapser, Cory and Godfrey, Michael W},
  booktitle={Proceedings of the 13th Working Conference on Reverse Engineering},
  pages={19--28},
  year={2006}
}

%%%%%%%%%%%%%%%%%%%%%%%%%%%%%%%%%%%%%%%%%%%%%%%%%%%%%%%%%%%%%%%%%%%%%%%%
% SOFTWARES / APIS / URLs
%%%%%%%%%%%%%%%%%%%%%%%%%%%%%%%%%%%%%%%%%%%%%%%%%%%%%%%%%%%%%%%%%%%%%%%%

@MISC{ccfinder,
 title = {{CC}Finder {O}fficial {S}ite},

 note  = {http://www.ccfinder.net/}
}

@MISC{metrics,
  title =  {Metrics},
  note   = {http://metrics.sourceforge.net/}
}

@MISC{eclipse-metrics,
  title =  {Eclipse {M}etrics {P}lugin},
  note   = {http://eclipse-metrics.sourceforge.net/}
}

@MISC{freemind,
  author = {Freemind},
  title =  {Free mind mapping software},
  note   = {http://freemind.sourceforge.net/}
}

@MISC{caesarj,
 title = {{C}aesar{J} {P}roject},
 note  = {http://caesarj.org/}
}

@MISC{oursite,
  author = {R. Andrade and M\'arcio Ribeiro and Henrique Reb\^elo and Vaidas Gasiunas and Lucas Satabin and Paulo Borba},
  title =  {Online Appendix},
  note   = {http://twiki.cin.ufpe.br/twiki/bin/view/SPG/FlexibleBindingTime}
}

@MISC{tetris,
  author = {Tetris},
  title =  {Tetris},
  note   = {http://kiang.org/jordan/software/tetrismidlet/}
}

@MISC{argouml,
  author = {ArgoUML},
  title =  {ArgoUML},
  note   = {http://argouml.tigris.org/}
}

@MISC{berkeleydb,
  author = {Berkeley},
  title =  {Oracle Berkeley DB},
  note   = {http://www.oracle.com/technology/products/berkeley-db/index.html}
}

@MISC{metricstool,
  author = {Metrics},
  title =  {Metrics tool},
  note   = {http://metrics.sourceforge.net/}
}

@MISC{jacorb,
  author = {JacORB},
  title =  {JacORB},
  note   = {http://www.jacorb.org/}
}

%%%%%%%%%%%%%%%%%%%%%%%%%%%%%%%%%%%%%%%%%%%%%%%%%%%%%%%%%%%%%%%%%%%%%%%%
% Software experimentation
%%%%%%%%%%%%%%%%%%%%%%%%%%%%%%%%%%%%%%%%%%%%%%%%%%%%%%%%%%%%%%%%%%%%%%%%

@book{Wohlin2000,
 author = {Wohlin, Claes and Runeson, Per and H\"{o}st, Martin and Ohlsson, Magnus C. and Regnell, Bj\"{o}orn and Wessl{\'e}n, Anders},
 title = {Experimentation in software engineering: an introduction},
 year = {2000},
 publisher = {Kluwer Academic Publishers}
} 

@INPROCEEDINGS{Gibson_featurerequirements,
    author = {J. Paul Gibson},
    title = {Feature Requirements Models: Understanding Interactions},
    booktitle = {In Feature Interactions In Telecommunications IV},
    year = {1997},
    pages = {46--60}
}

@article{Jackson:1998,
 author = {Jackson, Michael and Zave, Pamela},
 title = {Distributed Feature Composition: A Virtual Architecture for Telecommunications Services},
 journal = {IEEE Transactions on Software Engineering},
 volume = {24},
 number = {10},
 year = {1998},
 pages = {831--847}
}

@inproceedings{liu:2005,
  author    = {Jia Liu and
               Don S. Batory and
               Srinivas Nedunuri},
  title     = {Modeling Interactions in Feature Oriented Software Designs},
  booktitle = {Feature Interactions in Telecommunications and Software Systems VIII},
  year      = {2005},
  pages     = {178-197}
}

@article{Calder:2003,
 author = {Calder, Muffy and Kolberg, Mario and Magill, Evan H. and Reiff-Marganiec, Stephan},
 title = {Feature interaction: a critical review and considered forecast},
 journal = {Computer Networks: The International Journal of Computer and Telecommunications Networking},
 volume = {41},
 number = {1},
 year = {2003},
 pages = {115--141}
}

@INPROCEEDINGS{Bodden:2006,
    author = {Eric Bodden and Florian Forster and Friedrich Steimann},
    title = {Avoiding infinite recursion with stratified aspects},
    booktitle = {Proceedings NODe 2006},
    year = {2006},
    pages = {49--64}
}

@inproceedings{Tanter:2010,
 author = {Tanter, \'{E}ric},
 title = {Execution levels for aspect-oriented programming},
 booktitle = {Proceedings of the 9th International Conference on Aspect-Oriented Software Development},
 year = {2010},
 pages = {37--48}
}


%%%%%%%%%%%%
%Estatistica
%%%%%%%%%%%%
@article{shapirowilk,
    author = {Shapiro, S. S. and Wilk, M. B.},
    journal = {Biometrika},
    number = {52},
    title = {{An analysis of variance test for normality (complete samples)}},
    volume = {3},
    year = {1965}
}